@article{Chatterjee:2017xkb,
author = "Chatterjee, Sabya Sachi and Pasquini, Pedro and Valle, J.W.F.",
title = "{Probing atmospheric mixing and leptonic CP violation in current and future long baseline oscillation experiments}",
eprint = "1702.03160",
archivePrefix = "arXiv",
primaryClass = "hep-ph",
reportNumber = "IFIC-17-XXX, IP-BBSR-2017-2",
doi = "10.1016/j.physletb.2017.05.080",
journal = "Phys. Lett. B",
volume = "771",
pages = "524--531",
year = "2017"
}

@article{Chen:2015jta,
author = "Chen, Peng and Ding, Gui-Jun and Rojas, Alma. D. and Vaquera-Araujo, C.A. and Valle, J.W.F.",
title = "{Warped flavor symmetry predictions for neutrino physics}",
eprint = "1509.06683",
archivePrefix = "arXiv",
primaryClass = "hep-ph",
reportNumber = "IFIC-15-XX",
doi = "10.1007/JHEP01(2016)007",
journal = "JHEP",
volume = "01",
pages = "007",
year = "2016"
}

@article{Cao:2014bea,
author         = "Cao, Jun and others",
title          = "{Muon-decay medium-baseline neutrino beam facility}",
journal        = "Phys. Rev. ST Accel. Beams",
volume         = "17",
year           = "2014",
pages          = "090101",
doi            = "10.1103/PhysRevSTAB.17.090101",
eprint         = "1401.8125",
archivePrefix  = "arXiv",
primaryClass   = "physics.acc-ph",
SLACcitation   = "%%CITATION = ARXIV:1401.8125;%%"
}

@article{King:2016yvg,
author         = "King, Stephen F. and Luhn, Christoph",
title          = "{Littlest Seesaw model from S$_{4} \times$ U(1)}",
journal        = "JHEP",
volume         = "09",
year           = "2016",
pages          = "023",
doi            = "10.1007/JHEP09(2016)023",
eprint         = "1607.05276",
archivePrefix  = "arXiv",
primaryClass   = "hep-ph",
reportNumber   = "QFET-2016-12, SI-HEP-2016-20",
SLACcitation   = "%%CITATION = ARXIV:1607.05276;%%"
}

@article{King:2015dvf,
author         = "King, Stephen F.",
title          = "{Littlest Seesaw}",
journal        = "JHEP",
volume         = "02",
year           = "2016",
pages          = "085",
doi            = "10.1007/JHEP02(2016)085",
eprint         = "1512.07531",
archivePrefix  = "arXiv",
primaryClass   = "hep-ph",
SLACcitation   = "%%CITATION = ARXIV:1512.07531;%%"
}

@article{King:2013iva,
author         = "King, Stephen F.",
title          = "{Minimal predictive see-saw model with normal neutrino
mass hierarchy}",
journal        = "JHEP",
volume         = "07",
year           = "2013",
pages          = "137",
doi            = "10.1007/JHEP07(2013)137",
eprint         = "1304.6264",
archivePrefix  = "arXiv",
primaryClass   = "hep-ph",
SLACcitation   = "%%CITATION = ARXIV:1304.6264;%%"
}

@article{Ballett:2016yod,
author = "Ballett, Peter and King, Stephen F. and Pascoli, Silvia and Prouse, Nick W. and Wang, TseChun",
archivePrefix = "arXiv",
doi = "10.1007/JHEP03(2017)110",
eprint = "1612.01999",
journal = "JHEP",
pages = "110",
primaryClass = "hep-ph",
title = "{Precision neutrino experiments vs the Littlest Seesaw}",
volume = "03",
year = "2017"
}

@article{Tang:2019edw,
author = "Tang, Jian and Wang, TseChun",
archivePrefix = "arXiv",
doi = "10.1016/j.nuclphysb.2020.114915",
eprint = "1907.01371",
journal = "Nucl.\ Phys.\ B",
pages = "114915",
primaryClass = "hep-ph",
title = "{Study of a tri-direct littlest seesaw model at MOMENT}",
volume = "952",
year = "2020"
}

@article{Alion:2016uaj,
author = "Alion, T. and others",
archivePrefix = "arXiv",
collaboration = "DUNE",
eprint = "1606.09550",
month = "6",
primaryClass = "physics.ins-det",
reportNumber = "FERMILAB-FN-1020-ND",
title = "{Experiment Simulation Configurations Used in DUNE CDR}",
year = "2016"
}

@article{Huber:2007ji,
author = "Huber, Patrick and Kopp, Joachim and Lindner, Manfred and Rolinec, Mark and Winter, Walter",
archivePrefix = "arXiv",
doi = "10.1016/j.cpc.2007.05.004",
eprint = "hep-ph/0701187",
journal = "Comput. Phys. Commun.",
pages = "432--438",
reportNumber = "TUM-HEP-656-07",
title = "{New features in the simulation of neutrino oscillation experiments with GLoBES 3.0: General Long Baseline Experiment Simulator}",
volume = "177",
year = "2007"
}

@article{Huber:2004ka,
author = "Huber, Patrick and Lindner, M. and Winter, W.",
archivePrefix = "arXiv",
doi = "10.1016/j.cpc.2005.01.003",
eprint = "hep-ph/0407333",
journal = "Comput. Phys. Commun.",
pages = "195",
reportNumber = "TUM-HEP-553-04",
title = "{Simulation of long-baseline neutrino oscillation experiments with GLoBES (General Long Baseline Experiment Simulator)}",
volume = "167",
year = "2005"
}

@article{Chatterjee:2017xkb,
author = "Chatterjee, Sabya Sachi and Pasquini, Pedro and Valle, J.W.F.",
archivePrefix = "arXiv",
doi = "10.1016/j.physletb.2017.05.080",
eprint = "1702.03160",
journal = "Phys.\ Lett.\ B",
pages = "524--531",
primaryClass = "hep-ph",
reportNumber = "IFIC-17-XXX, IP-BBSR-2017-2",
title = "{Probing atmospheric mixing and leptonic CP violation in current and future long baseline oscillation experiments}",
volume = "771",
year = "2017"
}

@article{Harrison:2002er,
author         = "Harrison, P. F. and Perkins, D. H. and Scott, W. G.",
title          = "{Tri-bimaximal mixing and the neutrino oscillation data}",
journal        = "Phys. Lett.",
volume         = "B530",
year           = "2002",
pages          = "167",
doi            = "10.1016/S0370-2693(02)01336-9",
eprint         = "hep-ph/0202074",
archivePrefix  = "arXiv",
primaryClass   = "hep-ph",
reportNumber   = "RAL-TR-2002-002",
SLACcitation   = "%%CITATION = HEP-PH/0202074;%%"
}

@article{An:2013zwz,
author         = "An, F. P. and others",
title          = "{Spectral measurement of electron antineutrino
oscillation amplitude and frequency at Daya Bay}",
collaboration  = "Daya Bay",
journal        = "Phys. Rev. Lett.",
volume         = "112",
year           = "2014",
pages          = "061801",
doi            = "10.1103/PhysRevLett.112.061801",
eprint         = "1310.6732",
archivePrefix  = "arXiv",
primaryClass   = "hep-ex",
SLACcitation   = "%%CITATION = ARXIV:1310.6732;%%"
}

@article{Pontecorvo:1967fh,
author         = "Pontecorvo, B.",
title          = "{Neutrino Experiments and the Problem of Conservation of
Leptonic Charge}",
journal        = "Sov. Phys. JETP",
volume         = "26",
year           = "1968",
pages          = "984-988",
note           = "[Zh. Eksp. Teor. Fiz.53,1717(1967)]",
SLACcitation   = "%%CITATION = SPHJA,26,984;%%"
}
@article{Maki:1962mu,
author         = "Maki, Ziro and Nakagawa, Masami and Sakata, Shoichi",
title          = "{Remarks on the unified model of elementary particles}",
journal        = "Prog. Theor. Phys.",
volume         = "28",
year           = "1962",
pages          = "870-880",
doi            = "10.1143/PTP.28.870",
note           = "[,34(1962)]",
SLACcitation   = "%%CITATION = PTPKA,28,870;%%"
}
@article{Pontecorvo:1957qd,
author         = "Pontecorvo, B.",
title          = "{Inverse beta processes and nonconservation of lepton
charge}",
journal        = "Sov. Phys. JETP",
volume         = "7",
year           = "1958",
pages          = "172-173",
note           = "[Zh. Eksp. Teor. Fiz.34,247(1957)]",
SLACcitation   = "%%CITATION = SPHJA,7,172;%%"
}


@article{Ding:2018tuj,
author         = "Ding, Gui-Jun and King, Stephen F. and Li, Cai-Chang",
title          = "{Lepton mixing predictions from $S_4$ in the tridirect CP
approach to two right-handed neutrino models}",
journal        = "Phys. Rev.",
volume         = "D99",
year           = "2019",
number         = "7",
pages          = "075035",
doi            = "10.1103/PhysRevD.99.075035",
eprint         = "1811.12340",
archivePrefix  = "arXiv",
primaryClass   = "hep-ph",
reportNumber   = "USTC-ICTS-18-18",
SLACcitation   = "%%CITATION = ARXIV:1811.12340;%%"
}

@article{King:2016yvg,
author         = "King, Stephen F. and Luhn, Christoph",
title          = "{Littlest Seesaw model from S$_{4} \times$ U(1)}",
journal        = "JHEP",
volume         = "09",
year           = "2016",
pages          = "023",
doi            = "10.1007/JHEP09(2016)023",
eprint         = "1607.05276",
archivePrefix  = "arXiv",
primaryClass   = "hep-ph",
reportNumber   = "QFET-2016-12, SI-HEP-2016-20",
SLACcitation   = "%%CITATION = ARXIV:1607.05276;%%"
}

@article{King:2015dvf,
author         = "King, Stephen F.",
title          = "{Littlest Seesaw}",
journal        = "JHEP",
volume         = "02",
year           = "2016",
pages          = "085",
doi            = "10.1007/JHEP02(2016)085",
eprint         = "1512.07531",
archivePrefix  = "arXiv",
primaryClass   = "hep-ph",
SLACcitation   = "%%CITATION = ARXIV:1512.07531;%%"
}

@article{King:2013iva,
author         = "King, Stephen F.",
title          = "{Minimal predictive see-saw model with normal neutrino
mass hierarchy}",
journal        = "JHEP",
volume         = "07",
year           = "2013",
pages          = "137",
doi            = "10.1007/JHEP07(2013)137",
eprint         = "1304.6264",
archivePrefix  = "arXiv",
primaryClass   = "hep-ph",
SLACcitation   = "%%CITATION = ARXIV:1304.6264;%%"
}

@article{King:2017guk,
author         = "King, S. F.",
title          = "{Unified Models of Neutrinos, Flavour and CP Violation}",
journal        = "Prog. Part. Nucl. Phys.",
volume         = "94",
year           = "2017",
pages          = "217-256",
doi            = "10.1016/j.ppnp.2017.01.003",
eprint         = "1701.04413",
archivePrefix  = "arXiv",
primaryClass   = "hep-ph",
SLACcitation   = "%%CITATION = ARXIV:1701.04413;%%"
}


@article{King:2014nza,
author         = "King, Stephen F. and Merle, Alexander and Morisi, Stefano
and Shimizu, Yusuke and Tanimoto, Morimitsu",
title          = "{Neutrino Mass and Mixing: from Theory to Experiment}",
journal        = "New J. Phys.",
volume         = "16",
year           = "2014",
pages          = "045018",
doi            = "10.1088/1367-2630/16/4/045018",
eprint         = "1402.4271",
archivePrefix  = "arXiv",
primaryClass   = "hep-ph",
SLACcitation   = "%%CITATION = ARXIV:1402.4271;%%"
}

@article{King:2013eh,
author         = "King, Stephen F. and Luhn, Christoph",
title          = "{Neutrino Mass and Mixing with Discrete Symmetry}",
journal        = "Rept. Prog. Phys.",
volume         = "76",
year           = "2013",
pages          = "056201",
doi            = "10.1088/0034-4885/76/5/056201",
eprint         = "1301.1340",
archivePrefix  = "arXiv",
primaryClass   = "hep-ph",
reportNumber   = "IPPP-12-100, DCPT-12-200",
SLACcitation   = "%%CITATION = ARXIV:1301.1340;%%"
}

@article{Ishimori:2010au,
author         = "Ishimori, Hajime and Kobayashi, Tatsuo and Ohki, Hiroshi
and Shimizu, Yusuke and Okada, Hiroshi and Tanimoto,
Morimitsu",
title          = "{Non-Abelian Discrete Symmetries in Particle Physics}",
journal        = "Prog. Theor. Phys. Suppl.",
volume         = "183",
year           = "2010",
pages          = "1-163",
doi            = "10.1143/PTPS.183.1",
eprint         = "1003.3552",
archivePrefix  = "arXiv",
primaryClass   = "hep-th",
reportNumber   = "KUNS-2260",
SLACcitation   = "%%CITATION = ARXIV:1003.3552;%%"
}

@article{Altarelli:2010gt,
author         = "Altarelli, Guido and Feruglio, Ferruccio",
title          = "{Discrete Flavor Symmetries and Models of Neutrino
Mixing}",
journal        = "Rev. Mod. Phys.",
volume         = "82",
year           = "2010",
pages          = "2701-2729",
doi            = "10.1103/RevModPhys.82.2701",
eprint         = "1002.0211",
archivePrefix  = "arXiv",
primaryClass   = "hep-ph",
reportNumber   = "RM3-TH-10-01, CERN-PH-TH-2010-016, DFPD-10-TH-02",
SLACcitation   = "%%CITATION = ARXIV:1002.0211;%%"
}

@article{Ding:2018fyz,
author         = "Ding, Gui-Jun and King, Stephen F. and Li, Cai-Chang",
title          = "{Tri-Direct CP in the Littlest Seesaw Playground}",
journal        = "JHEP",
volume         = "12",
year           = "2018",
pages          = "003",
doi            = "10.1007/JHEP12(2018)003",
eprint         = "1807.07538",
archivePrefix  = "arXiv",
primaryClass   = "hep-ph",
reportNumber   = "USTC-ICTS-18-12",
SLACcitation   = "%%CITATION = ARXIV:1807.07538;%%"
}

@article{King:2015aea,
author         = "King, Stephen F.",
title          = "{Models of Neutrino Mass, Mixing and CP Violation}",
journal        = "J. Phys.",
volume         = "G42",
year           = "2015",
pages          = "123001",
doi            = "10.1088/0954-3899/42/12/123001",
eprint         = "1510.02091",
archivePrefix  = "arXiv",
primaryClass   = "hep-ph",
SLACcitation   = "%%CITATION = ARXIV:1510.02091;%%"
}

@article{King:2015ata,
author         = "King, S. F.",
title          = "{Neutrino Mixing: from experiment to theory}",
booktitle      = "{Proceedings, Neutrino Oscillation Workshop (NOW 2014):
Conca Specchiulla, Otranto, Lecce, Italy, September 7-14,
2014}",
journal        = "Nucl. Part. Phys. Proc.",
volume         = "265-266",
year           = "2015",
pages          = "288-295",
doi            = "10.1016/j.nuclphysbps.2015.06.074",
SLACcitation   = "%%CITATION = INSPIRE-1396434;%%"
}

@article{Tang:2018rer,
author         = "Tang, Jian and Wang, Tse-Chun and Zhang, Yibing",
title          = "{Invisible neutrino decays at the MOMENT experiment}",
journal        = "JHEP",
volume         = "04",
year           = "2019",
pages          = "004",
doi            = "10.1007/JHEP04(2019)004",
eprint         = "1811.05623",
archivePrefix  = "arXiv",
primaryClass   = "hep-ph",
SLACcitation   = "%%CITATION = ARXIV:1811.05623;%%"
}

@article{Djurcic:2015vqa,
author         = "Djurcic, Zelimir and others",
title          = "{JUNO Conceptual Design Report}",
collaboration  = "JUNO",
year           = "2015",
eprint         = "1508.07166",
archivePrefix  = "arXiv",
primaryClass   = "physics.ins-det",
SLACcitation   = "%%CITATION = ARXIV:1508.07166;%%"
}
@article{An:2015jdp,
author         = "An, Fengpeng and others",
title          = "{Neutrino Physics with JUNO}",
collaboration  = "JUNO",
journal        = "J. Phys.",
volume         = "G43",
year           = "2016",
number         = "3",
pages          = "030401",
doi            = "10.1088/0954-3899/43/3/030401",
eprint         = "1507.05613",
archivePrefix  = "arXiv",
primaryClass   = "physics.ins-det",
SLACcitation   = "%%CITATION = ARXIV:1507.05613;%%"
}


@inproceedings{Abe:2014oxa,
author         = "Abe, K. and others",
title          = "{A Long Baseline Neutrino Oscillation Experiment Using
J-PARC Neutrino Beam and Hyper-Kamiokande}",
collaboration  = "Hyper-Kamiokande Working Group",
url            = "",
year           = "2014",
eprint         = "1412.4673",
archivePrefix  = "arXiv",
primaryClass   = "physics.ins-det",
SLACcitation   = "%%CITATION = ARXIV:1412.4673;%%"
}

author         = "Acciarri, R. and others",
title          = "{Long-Baseline Neutrino Facility (LBNF) and Deep
Underground Neutrino Experiment (DUNE)}",
collaboration  = "DUNE",
year           = "2015",
eprint         = "1512.06148",
archivePrefix  = "arXiv",
primaryClass   = "physics.ins-det",
reportNumber   = "FERMILAB-DESIGN-2016-02",
SLACcitation   = "%%CITATION = ARXIV:1512.06148;%%"
}
@article{Ayres:2007tu,
author         = "Ayres, D. S. and others",
title          = "{The NOvA Technical Design Report}",
collaboration  = "NOvA",
doi            = "10.2172/935497",
year           = "2007",
reportNumber   = "FERMILAB-DESIGN-2007-01",
SLACcitation   = "%%CITATION = FERMILAB-DESIGN-2007-01;%%"
}

@article{Abe:2011ks,
author         = "Abe, K. and others",
title          = "{The T2K Experiment}",
collaboration  = "T2K",
journal        = "Nucl. Instrum. Meth.",
volume         = "A659",
year           = "2011",
pages          = "106-135",
doi            = "10.1016/j.nima.2011.06.067",
eprint         = "1106.1238",
archivePrefix  = "arXiv",
primaryClass   = "physics.ins-det",
SLACcitation   = "%%CITATION = ARXIV:1106.1238;%%"
}

@article{Esteban:2018azc,
author         = "Esteban, Ivan and Gonzalez-Garcia, M. C. and
Hernandez-Cabezudo, Alvaro and Maltoni, Michele and
Schwetz, Thomas",
title          = "{Global analysis of three-flavour neutrino oscillations:
synergies and tensions in the determination of $\theta_23,
\delta_CP$, and the mass ordering}",
journal        = "JHEP",
volume         = "01",
year           = "2019",
pages          = "106",
doi            = "10.1007/JHEP01(2019)106",
eprint         = "1811.05487",
archivePrefix  = "arXiv",
primaryClass   = "hep-ph",
reportNumber   = "IFT-UAM/CSIC-18-112, YITP-SB-18-34",
SLACcitation   = "%%CITATION = ARXIV:1811.05487;%%"
}


@article{prem:1981,
author         = "Dziewonski, A. M. and Anderson, D. L.",
titile         = "Preliminary reference earth model",
journal        = "Physics of the Earth and Planetary Interiors",
volume         = "25",
year           = "1981",
pages          = "297-356"
}

@article{Ding:2019zhn,
author         = "Ding, Gui-Jun and Li, Yu-Feng and Tang, Jian and Wang,
Tse-Chun",
title          = "{Confronting Tri-direct CP-symmetry models to neutrino
oscillation experiments}",
journal        = "Phys. Rev.",
volume         = "D100",
year           = "2019",
number         = "5",
pages          = "055022",
doi            = "10.1103/PhysRevD.100.055022",
eprint         = "1905.12939",
archivePrefix  = "arXiv",
primaryClass   = "hep-ph",
reportNumber   = "USTC-ICTS-19-10",
SLACcitation   = "%%CITATION = ARXIV:1905.12939;%%"
}


@article{Wilks:1938dza,
author         = "Wilks, S. S.",
title          = "{The Large-Sample Distribution of the Likelihood Ratio
for Testing Composite Hypotheses}",
journal        = "Annals Math. Statist.",
volume         = "9",
year           = "1938",
number         = "1",
pages          = "60-62",
doi            = "10.1214/aoms/1177732360",
SLACcitation   = "%%CITATION = AASTA,9,60;%%"
}

@article{Picoreti:2015ika,
author         = "Picoreti, R. and Guzzo, M. M. and de Holanda, P. C. and
Peres, O. L. G.",
title          = "{Neutrino Decay and Solar Neutrino Seasonal Effect}",
journal        = "Phys. Lett.",
volume         = "B761",
year           = "2016",
pages          = "70-73",
doi            = "10.1016/j.physletb.2016.08.007",
eprint         = "1506.08158",
archivePrefix  = "arXiv",
primaryClass   = "hep-ph",
SLACcitation   = "%%CITATION = ARXIV:1506.08158;%%"
}
@article{Berryman:2014qha,
author         = "Berryman, Jeffrey M. and de Gouvea, Andre and Hernandez,
Daniel",
title          = "{Solar Neutrinos and the Decaying Neutrino Hypothesis}",
journal        = "Phys. Rev.",
volume         = "D92",
year           = "2015",
number         = "7",
pages          = "073003",
doi            = "10.1103/PhysRevD.92.073003",
eprint         = "1411.0308",
archivePrefix  = "arXiv",
primaryClass   = "hep-ph",
reportNumber   = "NUHEP-TH-14-08",
SLACcitation   = "%%CITATION = ARXIV:1411.0308;%%"
}

@article{Choubey:2018cfz,
author         = "Choubey, Sandhya and Dutta, Debajyoti and Pramanik,
Dipyaman",
title          = "{Invisible neutrino decay in the light of NOvA and T2K
data}",
year           = "2018",
eprint         = "1805.01848",
archivePrefix  = "arXiv",
primaryClass   = "hep-ph",
SLACcitation   = "%%CITATION = ARXIV:1805.01848;%%"
}

@article{GonzalezGarcia:2008ru,
author         = "Gonzalez-Garcia, M. C. and Maltoni, M.",
title          = "{Status of Oscillation plus Decay of Atmospheric and
Long-Baseline Neutrinos}",
journal        = "Phys. Lett.",
volume         = "B663",
year           = "2008",
pages          = "405-409",
doi            = "10.1016/j.physletb.2008.04.041",
eprint         = "0802.3699",
archivePrefix  = "arXiv",
primaryClass   = "hep-ph",
reportNumber   = "YITP-SB-08-03, IFT-UAM-CSIC-08-10",
SLACcitation   = "%%CITATION = ARXIV:0802.3699;%%"
}

@article{Gago:2017zzy,
author         = "Gago, Alberto M. and Gomes, Ricardo A. and Gomes, Abner
L. G. and Jones-Perez, Joel and Peres, Orlando L. G.",
title          = "{Visible neutrino decay in the light of appearance and
disappearance long baseline experiments}",
journal        = "JHEP",
volume         = "11",
year           = "2017",
pages          = "022",
doi            = "10.1007/JHEP11(2017)022",
eprint         = "1705.03074",
archivePrefix  = "arXiv",
primaryClass   = "hep-ph",
SLACcitation   = "%%CITATION = ARXIV:1705.03074;%%"
}

@article{Abrahao:2015rba,
author         = "Abrahão, Thamys and Minakata, Hisakazu and Nunokawa,
Hiroshi and Quiroga, Alexander A.",
title          = "{Constraint on Neutrino Decay with Medium-Baseline
Reactor Neutrino Oscillation Experiments}",
journal        = "JHEP",
volume         = "11",
year           = "2015",
pages          = "001",
doi            = "10.1007/JHEP11(2015)001",
eprint         = "1506.02314",
archivePrefix  = "arXiv",
primaryClass   = "hep-ph",
reportNumber   = "INT-PUB-15-024",
SLACcitation   = "%%CITATION = ARXIV:1506.02314;%%"
}
@article{Acker:1993sz,
author         = "Acker, Andy and Pakvasa, Sandip",
title          = "{Solar neutrino decay}",
journal        = "Phys. Lett.",
volume         = "B320",
year           = "1994",
pages          = "320-322",
doi            = "10.1016/0370-2693(94)90663-7",
eprint         = "hep-ph/9310207",
archivePrefix  = "arXiv",
primaryClass   = "hep-ph",
reportNumber   = "UH-511-774-93",
SLACcitation   = "%%CITATION = HEP-PH/9310207;%%"
}

@article{Gago:2017zzy,
author         = "Gago, Alberto M. and Gomes, Ricardo A. and Gomes, Abner
L. G. and Jones-Perez, Joel and Peres, Orlando L. G.",
title          = "{Visible neutrino decay in the light of appearance and
disappearance long baseline experiments}",
journal        = "JHEP",
volume         = "11",
year           = "2017",
pages          = "022",
doi            = "10.1007/JHEP11(2017)022",
eprint         = "1705.03074",
archivePrefix  = "arXiv",
primaryClass   = "hep-ph",
SLACcitation   = "%%CITATION = ARXIV:1705.03074;%%"
}
@article{Coloma:2017zpg,
author         = "Coloma, Pilar and Peres, Orlando L. G.",
title          = "{Visible neutrino decay at DUNE}",
year           = "2017",
eprint         = "1705.03599",
archivePrefix  = "arXiv",
primaryClass   = "hep-ph",
reportNumber   = "FERMILAB-PUB-17-150-T",
SLACcitation   = "%%CITATION = ARXIV:1705.03599;%%"
}

@article{Lindner:2001fx,
author         = "Lindner, Manfred and Ohlsson, Tommy and Winter, Walter",
title          = "{A Combined treatment of neutrino decay and neutrino
oscillations}",
journal        = "Nucl. Phys.",
volume         = "B607",
year           = "2001",
pages          = "326-354",
doi            = "10.1016/S0550-3213(01)00237-1",
eprint         = "hep-ph/0103170",
archivePrefix  = "arXiv",
primaryClass   = "hep-ph",
reportNumber   = "TUM-HEP-408-01",
SLACcitation   = "%%CITATION = HEP-PH/0103170;%%"
}

@article{Acker:1992eh,
author         = "Acker, Andy and Joshipura, Anjan and Pakvasa, Sandip",
title          = "{A Neutrino decay model, solar anti-neutrinos and
atmospheric neutrinos}",
journal        = "Phys. Lett.",
volume         = "B285",
year           = "1992",
pages          = "371-375",
doi            = "10.1016/0370-2693(92)91520-J",
reportNumber   = "UH-511-737-92",
SLACcitation   = "%%CITATION = PHLTA,B285,371;%%"
}

@article{Kim:1990km,
author         = "Kim, C. W. and Lam, W. P.",
title          = "{Some remarks on neutrino decay via a Nambu-Goldstone
boson}",
journal        = "Mod. Phys. Lett.",
volume         = "A5",
year           = "1990",
pages          = "297-299",
doi            = "10.1142/S0217732390000354",
SLACcitation   = "%%CITATION = MPLAE,A5,297;%%"
}

@article{Pakvasa:1999ta,
author         = "Pakvasa, S.",
title          = "{Do neutrinos decay?}",
booktitle      = "{Physics potential and development of muon colliders and
neutrino factories. Proceedings, 5th International
Conference, San Francisco, USA, December 15-17, 1999}",
journal        = "AIP Conf. Proc.",
volume         = "542",
year           = "2000",
number         = "1",
pages          = "99-112",
doi            = "10.1063/1.1336244",
eprint         = "hep-ph/0004077",
archivePrefix  = "arXiv",
primaryClass   = "hep-ph",
reportNumber   = "UH-511-960-00",
SLACcitation   = "%%CITATION = HEP-PH/0004077;%%"
}

@article{Chikashige:1980ui,
author         = "Chikashige, Y. and Mohapatra, Rabindra N. and Peccei, R.
D.",
title          = "{Are There Real Goldstone Bosons Associated with Broken
Lepton Number?}",
journal        = "Phys. Lett.",
volume         = "98B",
year           = "1981",
pages          = "265-268",
doi            = "10.1016/0370-2693(81)90011-3",
reportNumber   = "MPI-PAE-PTH-36-80",
SLACcitation   = "%%CITATION = PHLTA,98B,265;%%"
}

@article{Gelmini:1980re,
author         = "Gelmini, G. B. and Roncadelli, M.",
title          = "{Left-Handed Neutrino Mass Scale and Spontaneously Broken
Lepton Number}",
journal        = "Phys. Lett.",
volume         = "99B",
year           = "1981",
pages          = "411-415",
doi            = "10.1016/0370-2693(81)90559-1",
reportNumber   = "MPI-PAE-PTH-50-80",
SLACcitation   = "%%CITATION = PHLTA,99B,411;%%"
}

@article{Acker:1993sz,
author         = "Acker, Andy and Pakvasa, Sandip",
title          = "{Solar neutrino decay}",
journal        = "Phys. Lett.",
volume         = "B320",
year           = "1994",
pages          = "320-322",
doi            = "10.1016/0370-2693(94)90663-7",
eprint         = "hep-ph/9310207",
archivePrefix  = "arXiv",
primaryClass   = "hep-ph",
reportNumber   = "UH-511-774-93",
SLACcitation   = "%%CITATION = HEP-PH/9310207;%%"
}

@article{Acker:1991ej,
author         = "Acker, A. and Pakvasa, S. and Pantaleone, James T.",
title          = "{Decaying Dirac neutrinos}",
journal        = "Phys. Rev.",
volume         = "D45",
year           = "1992",
pages          = "1-4",
doi            = "10.1103/PhysRevD.45.R1",
reportNumber   = "UH-511-719-91, UCRHEP-T67",
SLACcitation   = "%%CITATION = PHRVA,D45,1;%%"
}

@inproceedings{Ishida:2013kba,
author         = "Ishida, T.",
title          = "{T2HK: J-PARC upgrade plan for future and beyond T2K}",
collaboration  = "Hyper-Kamiokande Working Group",
year           = "2013",
eprint         = "1311.5287",
archivePrefix  = "arXiv",
primaryClass   = "hep-ex",
reportNumber   = "KEK-PREPRINT-2013-55",
SLACcitation   = "%%CITATION = ARXIV:1311.5287;%%"
}

@article{Campagne:2006yx,
author         = "Campagne, Jean-Eric and Maltoni, M. and Mezzetto, M. and
Schwetz, T.",
title          = "{Physics potential of the CERN-MEMPHYS neutrino
oscillation project}",
journal        = "JHEP",
volume         = "04",
year           = "2007",
pages          = "003",
doi            = "10.1088/1126-6708/2007/04/003",
eprint         = "hep-ph/0603172",
archivePrefix  = "arXiv",
primaryClass   = "hep-ph",
reportNumber   = "LAL-06-35, IC-2006-011, SISSA-16-2006-EP",
SLACcitation   = "%%CITATION = HEP-PH/0603172;%%"
}

@article{Minkowski:1977sc,
author         = "Minkowski, Peter",
title          = "{$\mu \to e\gamma$ at a Rate of One Out of $10^{9}$ Muon
Decays?}",
journal        = "Phys. Lett.",
volume         = "67B",
year           = "1977",
pages          = "421-428",
doi            = "10.1016/0370-2693(77)90435-X",
reportNumber   = "Print-77-0182 (BERN)",
SLACcitation   = "%%CITATION = PHLTA,67B,421;%%"
}
@article{Adhikari:2016bei,
author         = "Drewes, M. and others",
title          = "{A White Paper on keV Sterile Neutrino Dark Matter}",
journal        = "JCAP",
volume         = "1701",
year           = "2017",
number         = "01",
pages          = "025",
doi            = "10.1088/1475-7516/2017/01/025",
eprint         = "1602.04816",
archivePrefix  = "arXiv",
primaryClass   = "hep-ph",
reportNumber   = "FERMILAB-PUB-16-068-T",
SLACcitation   = "%%CITATION = ARXIV:1602.04816;%%"
}
@article{Gariazzo:2017fdh,
author         = "Gariazzo, S. and Giunti, C. and Laveder, M. and Li, Y.
F.",
title          = "{Updated Global 3+1 Analysis of Short-BaseLine Neutrino
Oscillations}",
journal        = "JHEP",
volume         = "06",
year           = "2017",
pages          = "135",
doi            = "10.1007/JHEP06(2017)135",
eprint         = "1703.00860",
archivePrefix  = "arXiv",
primaryClass   = "hep-ph",
SLACcitation   = "%%CITATION = ARXIV:1703.00860;%%"
}

@article{Abazajian:2012ys,
author         = "Abazajian, K. N. and others",
title          = "{Light Sterile Neutrinos: A White Paper}",
year           = "2012",
eprint         = "1204.5379",
archivePrefix  = "arXiv",
primaryClass   = "hep-ph",
reportNumber   = "FERMILAB-PUB-12-881-PPD",
SLACcitation   = "%%CITATION = ARXIV:1204.5379;%%"
}

@article{Patrignani:2016xqp,
author         = "Patrignani, C. and others",
title          = "{Review of Particle Physics}",
collaboration  = "Particle Data Group",
journal        = "Chin. Phys.",
volume         = "C40",
year           = "2016",
number         = "10",
pages          = "100001",
doi            = "10.1088/1674-1137/40/10/100001",
SLACcitation   = "%%CITATION = CHPHD,C40,100001;%%"
}
@article{Maki:1962mu,
author         = "Maki, Ziro and Nakagawa, Masami and Sakata, Shoichi",
title          = "{Remarks on the unified model of elementary particles}",
journal        = "Prog. Theor. Phys.",
volume         = "28",
year           = "1962",
pages          = "870-880",
doi            = "10.1143/PTP.28.870",
note           = "[,34(1962)]",
SLACcitation   = "%%CITATION = PTPKA,28,870;%%"
}

@article{Pontecorvo:1957cp,
author         = "Pontecorvo, B.",
title          = "{Mesonium and anti-mesonium}",
journal        = "Sov. Phys. JETP",
volume         = "6",
year           = "1957",
pages          = "429",
note           = "[Zh. Eksp. Teor. Fiz.33,549(1957)]",
SLACcitation   = "%%CITATION = SPHJA,6,429;%%"
}
@article{Krauss:2011ur,
author         = "Krauss, Martin B. and Ota, Toshihiko and Porod, Werner
and Winter, Walter",
title          = "{Neutrino mass from higher than d=5 effective operators
in SUSY, and its test at the LHC}",
journal        = "Phys. Rev.",
volume         = "D84",
year           = "2011",
pages          = "115023",
doi            = "10.1103/PhysRevD.84.115023",
eprint         = "1109.4636",
archivePrefix  = "arXiv",
primaryClass   = "hep-ph",
reportNumber   = "IFIC-11-44, MPP-2011-105",
SLACcitation   = "%%CITATION = ARXIV:1109.4636;%%"
}

@article{Bonnet:2009ej,
author         = "Bonnet, Florian and Hernandez, Daniel and Ota, Toshihiko
and Winter, Walter",
title          = "{Neutrino masses from higher than d=5 effective
operators}",
journal        = "JHEP",
volume         = "10",
year           = "2009",
pages          = "076",
doi            = "10.1088/1126-6708/2009/10/076",
eprint         = "0907.3143",
archivePrefix  = "arXiv",
primaryClass   = "hep-ph",
reportNumber   = "LPT-ORSAY-09-45, FTUAM-09-17, IFT-UAM-CSIC-09-36",
SLACcitation   = "%%CITATION = ARXIV:0907.3143;%%"
}

@article{Gavela:2008ra,
author         = "Gavela, M. B. and Hernandez, D. and Ota, T. and Winter,
W.",
title          = "{Large gauge invariant non-standard neutrino
interactions}",
journal        = "Phys. Rev.",
volume         = "D79",
year           = "2009",
pages          = "013007",
doi            = "10.1103/PhysRevD.79.013007",
eprint         = "0809.3451",
archivePrefix  = "arXiv",
primaryClass   = "hep-ph",
reportNumber   = "FTUAM-08-15, IFT-UAM-CSIC-08-53, LPT-ORSAY-08-75",
SLACcitation   = "%%CITATION = ARXIV:0809.3451;%%"
}

@article{Gago:2017zzy,
author         = "Gago, Alberto M. and Gomes, Ricardo A. and Gomes, Abner
L. G. and Jones-Perez, Joel and Peres, Orlando L. G.",
title          = "{Visible neutrino decay in the light of appearance and
disappearance long baseline experiments}",
journal        = "JHEP",
volume         = "11",
year           = "2017",
pages          = "022",
doi            = "10.1007/JHEP11(2017)022",
eprint         = "1705.03074",
archivePrefix  = "arXiv",
primaryClass   = "hep-ph",
SLACcitation   = "%%CITATION = ARXIV:1705.03074;%%"
}

@article{Coloma:2017zpg,
author         = "Coloma, Pilar and Peres, Orlando L. G.",
title          = "{Visible neutrino decay at DUNE}",
year           = "2017",
eprint         = "1705.03599",
archivePrefix  = "arXiv",
primaryClass   = "hep-ph",
reportNumber   = "FERMILAB-PUB-17-150-T",
SLACcitation   = "%%CITATION = ARXIV:1705.03599;%%"
}

@article{Acker:1992eh,
author         = "Acker, Andy and Joshipura, Anjan and Pakvasa, Sandip",
title          = "{A Neutrino decay model, solar anti-neutrinos and
atmospheric neutrinos}",
journal        = "Phys. Lett.",
volume         = "B285",
year           = "1992",
pages          = "371-375",
doi            = "10.1016/0370-2693(92)91520-J",
reportNumber   = "UH-511-737-92",
SLACcitation   = "%%CITATION = PHLTA,B285,371;%%"
}
@article{Kim:1990km,
author         = "Kim, C. W. and Lam, W. P.",
title          = "{Some remarks on neutrino decay via a Nambu-Goldstone
boson}",
journal        = "Mod. Phys. Lett.",
volume         = "A5",
year           = "1990",
pages          = "297-299",
doi            = "10.1142/S0217732390000354",
SLACcitation   = "%%CITATION = MPLAE,A5,297;%%"
}

@article{Lindner:2001fx,
author         = "Lindner, Manfred and Ohlsson, Tommy and Winter, Walter",
title          = "{A Combined treatment of neutrino decay and neutrino
oscillations}",
journal        = "Nucl. Phys.",
volume         = "B607",
year           = "2001",
pages          = "326-354",
doi            = "10.1016/S0550-3213(01)00237-1",
eprint         = "hep-ph/0103170",
archivePrefix  = "arXiv",
primaryClass   = "hep-ph",
reportNumber   = "TUM-HEP-408-01",
SLACcitation   = "%%CITATION = HEP-PH/0103170;%%"
}

@article{Beacom:2002cb,
author         = "Beacom, John F. and Bell, Nicole F.",
title          = "{Do solar neutrinos decay?}",
journal        = "Phys. Rev.",
volume         = "D65",
year           = "2002",
pages          = "113009",
doi            = "10.1103/PhysRevD.65.113009",
eprint         = "hep-ph/0204111",
archivePrefix  = "arXiv",
primaryClass   = "hep-ph",
reportNumber   = "FERMILAB-PUB-02-061-A",
SLACcitation   = "%%CITATION = HEP-PH/0204111;%%"
}

@article{Ranucci:2017cek,
author         = "Ranucci, Gioacchino",
title          = "{Status and prospects of the JUNO experiment}",
booktitle      = "{Proceedings, 27th International Conference on Neutrino
Physics and Astrophysics (Neutrino 2016): London, United
Kingdom, July 4-9, 2016}",
collaboration  = "JUNO",
journal        = "J. Phys. Conf. Ser.",
volume         = "888",
year           = "2017",
number         = "1",
pages          = "012022",
doi            = "10.1088/1742-6596/888/1/012022",
SLACcitation   = "%%CITATION = 00462,888,012022;%%"
}
@article{Seo:2015yqp,
author         = "Seo, Hyunkwan",
title          = "{Status of RENO-50}",
booktitle      = "{Proceedings, 16th International Workshop on Neutrino
Telescopes (Neutel 2015): Venice, Italy, March 2-6, 2015}",
journal        = "PoS",
volume         = "NEUTEL2015",
year           = "2015",
pages          = "083",
SLACcitation   = "%%CITATION = POSCI,NEUTEL2015,083;%%"
}
@article{Tang:2017khg,
author         = "Tang, Jian and Zhang, Yibing and Li, Yu-Feng",
title          = "{Probing Direct and Indirect Unitarity Violation in
Future Accelerator Neutrino Facilities}",
journal        = "Phys. Lett.",
volume         = "B774",
year           = "2017",
pages          = "217-224",
doi            = "10.1016/j.physletb.2017.09.055",
eprint         = "1708.04909",
archivePrefix  = "arXiv",
primaryClass   = "hep-ph",
SLACcitation   = "%%CITATION = ARXIV:1708.04909;%%"
}
@article{Tang:2017qen,
author         = "Tang, Jian and Zhang, Yibing",
title          = "{Study of nonstandard charged-current interactions at the
MOMENT experiment}",
journal        = "Phys. Rev.",
volume         = "D97",
year           = "2018",
number         = "3",
pages          = "035018",
doi            = "10.1103/PhysRevD.97.035018",
eprint         = "1705.09500",
archivePrefix  = "arXiv",
primaryClass   = "hep-ph",
SLACcitation   = "%%CITATION = ARXIV:1705.09500;%%"
}

@article{Esteban:2016qun,
author         = "Esteban, Ivan and Gonzalez-Garcia, M. C. and Maltoni,
Michele and Martinez-Soler, Ivan and Schwetz, Thomas",
title          = "{Updated fit to three neutrino mixing: exploring the
accelerator-reactor complementarity}",
journal        = "JHEP",
volume         = "01",
year           = "2017",
pages          = "087",
doi            = "10.1007/JHEP01(2017)087",
eprint         = "1611.01514",
archivePrefix  = "arXiv",
primaryClass   = "hep-ph",
reportNumber   = "IFT-UAM-CSIC-16-114, YITP-SB-16-45",
SLACcitation   = "%%CITATION = ARXIV:1611.01514;%%"
}

@article{Adamson:2016xxw,
author         = "Adamson, P. and others",
title          = "{First measurement of muon-neutrino disappearance in
NOvA}",
collaboration  = "NOvA",
journal        = "Phys. Rev.",
volume         = "D93",
year           = "2016",
number         = "5",
pages          = "051104",
doi            = "10.1103/PhysRevD.93.051104",
eprint         = "1601.05037",
archivePrefix  = "arXiv",
primaryClass   = "hep-ex",
reportNumber   = "FERMILAB-PUB-16-007-ND",
SLACcitation   = "%%CITATION = ARXIV:1601.05037;%%"
}
@article{Abe:2014tzr,
author         = "Abe, K. and others",
title          = "{Neutrino oscillation physics potential of the T2K
experiment}",
collaboration  = "T2K",
journal        = "PTEP",
volume         = "2015",
year           = "2015",
number         = "4",
pages          = "043C01",
doi            = "10.1093/ptep/ptv031",
eprint         = "1409.7469",
archivePrefix  = "arXiv",
primaryClass   = "hep-ex",
SLACcitation   = "%%CITATION = ARXIV:1409.7469;%%"
}
@article{Choubey:2017dyu,
author         = "Choubey, Sandhya and Goswami, Srubabati and Pramanik,
Dipyaman",
title          = "{A study of invisible neutrino decay at DUNE and its
effects on $\theta_{23}$ measurement}",
journal        = "JHEP",
volume         = "02",
year           = "2018",
pages          = "055",
doi            = "10.1007/JHEP02(2018)055",
eprint         = "1705.05820",
archivePrefix  = "arXiv",
primaryClass   = "hep-ph",
SLACcitation   = "%%CITATION = ARXIV:1705.05820;%%"
}
@article{Acciarri:2015uup,
author         = "Acciarri, R. and others",
title          = "{Long-Baseline Neutrino Facility (LBNF) and Deep
Underground Neutrino Experiment (DUNE)}",
collaboration  = "DUNE",
year           = "2015",
eprint         = "1512.06148",
archivePrefix  = "arXiv",
primaryClass   = "physics.ins-det",
reportNumber   = "FERMILAB-DESIGN-2016-02",
SLACcitation   = "%%CITATION = ARXIV:1512.06148;%%"
}
@article{Choubey:2018cfz,
author         = "Choubey, Sandhya and Dutta, Debajyoti and Pramanik,
Dipyaman",
title          = "{Invisible neutrino decay in the light of NOvA and T2K
data}",
year           = "2018",
eprint         = "1805.01848",
archivePrefix  = "arXiv",
primaryClass   = "hep-ph",
SLACcitation   = "%%CITATION = ARXIV:1805.01848;%%"
}
@article{An:2016ses,
author         = "An, Feng Peng and others",
title          = "{Measurement of electron antineutrino oscillation based
on 1230 days of operation of the Daya Bay experiment}",
collaboration  = "Daya Bay",
journal        = "Phys. Rev.",
volume         = "D95",
year           = "2017",
number         = "7",
pages          = "072006",
doi            = "10.1103/PhysRevD.95.072006",
eprint         = "1610.04802",
archivePrefix  = "arXiv",
primaryClass   = "hep-ex",
SLACcitation   = "%%CITATION = ARXIV:1610.04802;%%"
}
@article{Abe:2008aa,
author         = "Abe, S. and others",
title          = "{Precision Measurement of Neutrino Oscillation Parameters
with KamLAND}",
collaboration  = "KamLAND",
journal        = "Phys. Rev. Lett.",
volume         = "100",
year           = "2008",
pages          = "221803",
doi            = "10.1103/PhysRevLett.100.221803",
eprint         = "0801.4589",
archivePrefix  = "arXiv",
primaryClass   = "hep-ex",
SLACcitation   = "%%CITATION = ARXIV:0801.4589;%%"
}

@article{Wendell:2010md,
author         = "Wendell, R. and others",
title          = "{Atmospheric neutrino oscillation analysis with
sub-leading effects in Super-Kamiokande I, II, and III}",
collaboration  = "Super-Kamiokande",
journal        = "Phys. Rev.",
volume         = "D81",
year           = "2010",
pages          = "092004",
doi            = "10.1103/PhysRevD.81.092004",
eprint         = "1002.3471",
archivePrefix  = "arXiv",
primaryClass   = "hep-ex",
SLACcitation   = "%%CITATION = ARXIV:1002.3471;%%"
}
@article{Aharmim:2011vm,
author         = "Aharmim, B. and others",
title          = "{Combined Analysis of all Three Phases of Solar Neutrino
Data from the Sudbury Neutrino Observatory}",
collaboration  = "SNO",
journal        = "Phys. Rev.",
volume         = "C88",
year           = "2013",
pages          = "025501",
doi            = "10.1103/PhysRevC.88.025501",
eprint         = "1109.0763",
archivePrefix  = "arXiv",
primaryClass   = "nucl-ex",
SLACcitation   = "%%CITATION = ARXIV:1109.0763;%%"
}


@article{Berryman:2014yoa,
author         = "Berryman, Jeffrey M. and de Gouvêa, André and
Hernández, Daniel and Oliveira, Roberto L. N.",
title          = "{Non-Unitary Neutrino Propagation From Neutrino Decay}",
journal        = "Phys. Lett.",
volume         = "B742",
year           = "2015",
pages          = "74-79",
doi            = "10.1016/j.physletb.2015.01.002",
eprint         = "1407.6631",
archivePrefix  = "arXiv",
primaryClass   = "hep-ph",
reportNumber   = "NUHEP-TH-14-05",
SLACcitation   = "%%CITATION = ARXIV:1407.6631;%%"
}

@article{Frieman:1987as,
author         = "Frieman, Joshua A. and Haber, Howard E. and Freese,
Katherine",
title          = "{Neutrino Mixing, Decays and Supernova Sn1987a}",
journal        = "Phys. Lett.",
volume         = "B200",
year           = "1988",
pages          = "115-121",
doi            = "10.1016/0370-2693(88)91120-3",
reportNumber   = "SLAC-PUB-4261, SCIPP-87-90, NSF-ITP-87-53",
SLACcitation   = "%%CITATION = PHLTA,B200,115;%%"
}
@article{Hahn:2006hr,
author         = "Hahn, T.",
title          = "{Routines for the diagonalization of complex matrices}",
year           = "2006",
eprint         = "physics/0607103",
archivePrefix  = "arXiv",
primaryClass   = "physics",
reportNumber   = "MPP-2006-85",
SLACcitation   = "%%CITATION = PHYSICS/0607103;%%"
}
@article{Cao:2014bea,
author         = "Cao, Jun and others",
title          = "{Muon-decay medium-baseline neutrino beam facility}",
journal        = "Phys. Rev. ST Accel. Beams",
volume         = "17",
year           = "2014",
pages          = "090101",
doi            = "10.1103/PhysRevSTAB.17.090101",
eprint         = "1401.8125",
archivePrefix  = "arXiv",
primaryClass   = "physics.acc-ph",
SLACcitation   = "%%CITATION = ARXIV:1401.8125;%%"
}
@article{lowenergyfact,
author         = "Fernandez Martinez, Enrique and Li, Tracey and Pascoli,
Silvia and Mena, Olga",
title          = "{Improvement of the low energy neutrino factory}",
journal        = "Phys. Rev.",
volume         = "D81",
year           = "2010",
pages          = "073010",
doi            = "10.1103/PhysRevD.81.073010",
eprint         = "0911.3776",
archivePrefix  = "arXiv",
primaryClass   = "hep-ph",
reportNumber   = "DCPT-09-168, MPP-2009-167, FERMILAB-PUB-09-574-APC,
IPPP-09-84, EURONU-WP6-09-10",
SLACcitation   = "%%CITATION = ARXIV:0911.3776;%%"
}
@article{Abe:2017uxa,
author         = "Abe, K. and others",
title          = "{Combined Analysis of Neutrino and Antineutrino
Oscillations at T2K}",
collaboration  = "T2K",
journal        = "Phys. Rev. Lett.",
volume         = "118",
year           = "2017",
number         = "15",
pages          = "151801",
doi            = "10.1103/PhysRevLett.118.151801",
eprint         = "1701.00432",
archivePrefix  = "arXiv",
primaryClass   = "hep-ex",
SLACcitation   = "%%CITATION = ARXIV:1701.00432;%%"
}

@article{Adamson:2016tbq,
author         = "Adamson, P. and others",
title          = "{First measurement of electron neutrino appearance in
NOvA}",
collaboration  = "NOvA",
journal        = "Phys. Rev. Lett.",
volume         = "116",
year           = "2016",
number         = "15",
pages          = "151806",
doi            = "10.1103/PhysRevLett.116.151806",
eprint         = "1601.05022",
archivePrefix  = "arXiv",
primaryClass   = "hep-ex",
reportNumber   = "FERMILAB-PUB-15-262-ND",
SLACcitation   = "%%CITATION = ARXIV:1601.05022;%%"
}

@article{Adamson:2017gxd,
author         = "Adamson, P. and others",
title          = "{Constraints on Oscillation Parameters from $\nu_e$
Appearance and $\nu_\mu$ Disappearance in NOvA}",
collaboration  = "NOvA",
journal        = "Phys. Rev. Lett.",
volume         = "118",
year           = "2017",
number         = "23",
pages          = "231801",
doi            = "10.1103/PhysRevLett.118.231801",
eprint         = "1703.03328",
archivePrefix  = "arXiv",
primaryClass   = "hep-ex",
reportNumber   = "FERMILAB-PUB-17-065-ND",
SLACcitation   = "%%CITATION = ARXIV:1703.03328;%%"
}

@article{Goswami:2017hcw,
author         = "Goswami, Srubabati and Nath, Newton",
title          = "{Implications of the latest NO$ \nu $A results}",
year           = "2017",
eprint         = "1705.01274",
archivePrefix  = "arXiv",
primaryClass   = "hep-ph",
SLACcitation   = "%%CITATION = ARXIV:1705.01274;%%"
}




@article{Acker:1991ej,
author         = "Acker, A. and Pakvasa, S. and Pantaleone, James T.",
title          = "{Decaying Dirac neutrinos}",
journal        = "Phys. Rev.",
volume         = "D45",
year           = "1992",
pages          = "1-4",
doi            = "10.1103/PhysRevD.45.1",
reportNumber   = "UH-511-719-91, UCRHEP-T67",
SLACcitation   = "%%CITATION = PHRVA,D45,1;%%"
}

@article{Acker:1993sz,
author         = "Acker, Andy and Pakvasa, Sandip",
title          = "{Solar neutrino decay}",
journal        = "Phys. Lett.",
volume         = "B320",
year           = "1994",
pages          = "320-322",
doi            = "10.1016/0370-2693(94)90663-7",
eprint         = "hep-ph/9310207",
archivePrefix  = "arXiv",
primaryClass   = "hep-ph",
reportNumber   = "UH-511-774-93",
SLACcitation   = "%%CITATION = HEP-PH/9310207;%%"
}

@article{Gelmini:1980re,
author         = "Gelmini, G. B. and Roncadelli, M.",
title          = "{Left-Handed Neutrino Mass Scale and Spontaneously Broken
Lepton Number}",
journal        = "Phys. Lett.",
volume         = "99B",
year           = "1981",
pages          = "411-415",
doi            = "10.1016/0370-2693(81)90559-1",
reportNumber   = "MPI-PAE-PTH-50-80",
SLACcitation   = "%%CITATION = PHLTA,99B,411;%%"
}

@article{Pakvasa:1999ta,
author         = "Pakvasa, S.",
title          = "{Do neutrinos decay?}",
booktitle      = "{Physics potential and development of muon colliders and
neutrino factories. Proceedings, 5th International
Conference, San Francisco, USA, December 15-17, 1999}",
journal        = "AIP Conf. Proc.",
volume         = "542",
year           = "2000",
pages          = "99-112",
doi            = "10.1063/1.1336244",
note           = "[,99(1999)]",
eprint         = "hep-ph/0004077",
archivePrefix  = "arXiv",
primaryClass   = "hep-ph",
reportNumber   = "UH-511-960-00",
SLACcitation   = "%%CITATION = HEP-PH/0004077;%%"
}
@article{Coloma:2017zpg,
author         = "Coloma, Pilar and Peres, Orlando L. G.",
title          = "{Visible neutrino decay at DUNE}",
year           = "2017",
eprint         = "1705.03599",
archivePrefix  = "arXiv",
primaryClass   = "hep-ph",
reportNumber   = "FERMILAB-PUB-17-150-T",
SLACcitation   = "%%CITATION = ARXIV:1705.03599;%%"
}

@article{Gago:2017zzy,
author         = "Gago, Alberto M. and Gomes, Ricardo A. and Gomes, Abner
L. G. and Jones-Perez, Joel and Peres, Orlando L. G.",
title          = "{Visible neutrino decay in the light of appearance and
disappearance long baseline experiments}",
journal        = "JHEP",
volume         = "11",
year           = "2017",
pages          = "022",
eprint         = "1705.03074",
archivePrefix  = "arXiv",
primaryClass   = "hep-ph",
SLACcitation   = "%%CITATION = ARXIV:1705.03074;%%"
}

@article{Lindner:2001fx,
author         = "Lindner, Manfred and Ohlsson, Tommy and Winter, Walter",
title          = "{A Combined treatment of neutrino decay and neutrino
oscillations}",
journal        = "Nucl. Phys.",
volume         = "B607",
year           = "2001",
pages          = "326-354",
doi            = "10.1016/S0550-3213(01)00237-1",
eprint         = "hep-ph/0103170",
archivePrefix  = "arXiv",
primaryClass   = "hep-ph",
reportNumber   = "TUM-HEP-408-01",
SLACcitation   = "%%CITATION = HEP-PH/0103170;%%"
}
@article{Gomes:2014yua,
author         = "Gomes, R. A. and Gomes, A. L. G. and Peres, O. L. G.",
title          = "{Constraints on neutrino decay lifetime using
long-baseline charged and neutral current data}",
journal        = "Phys. Lett.",
volume         = "B740",
year           = "2015",
pages          = "345-352",
doi            = "10.1016/j.physletb.2014.12.014",
eprint         = "1407.5640",
archivePrefix  = "arXiv",
primaryClass   = "hep-ph",
SLACcitation   = "%%CITATION = ARXIV:1407.5640;%%"
}
@article{Huber:2004ka,
author         = "Huber, Patrick and Lindner, M. and Winter, W.",
title          = "{Simulation of long-baseline neutrino oscillation
experiments with GLoBES (General Long Baseline Experiment
Simulator)}",
journal        = "Comput. Phys. Commun.",
volume         = "167",
year           = "2005",
pages          = "195",
doi            = "10.1016/j.cpc.2005.01.003",
eprint         = "hep-ph/0407333",
archivePrefix  = "arXiv",
primaryClass   = "hep-ph",
reportNumber   = "TUM-HEP-553-04",
SLACcitation   = "%%CITATION = HEP-PH/0407333;%%"
}
@article{Huber:2007ji,
author         = "Huber, Patrick and Kopp, Joachim and Lindner, Manfred and
Rolinec, Mark and Winter, Walter",
title          = "{New features in the simulation of neutrino oscillation
experiments with GLoBES 3.0: General Long Baseline
Experiment Simulator}",
journal        = "Comput. Phys. Commun.",
volume         = "177",
year           = "2007",
pages          = "432-438",
doi            = "10.1016/j.cpc.2007.05.004",
eprint         = "hep-ph/0701187",
archivePrefix  = "arXiv",
primaryClass   = "hep-ph",
reportNumber   = "TUM-HEP-656-07",
SLACcitation   = "%%CITATION = HEP-PH/0701187;%%"
}
@article{Esteban:2016qun,
author         = "Esteban, Ivan and Gonzalez-Garcia, M. C. and Maltoni,
Michele and Martinez-Soler, Ivan and Schwetz, Thomas",
title          = "{Updated fit to three neutrino mixing: exploring the
accelerator-reactor complementarity}",
journal        = "JHEP",
volume         = "01",
year           = "2017",
pages          = "087",
doi            = "10.1007/JHEP01(2017)087",
eprint         = "1611.01514",
archivePrefix  = "arXiv",
primaryClass   = "hep-ph",
reportNumber   = "IFT-UAM-CSIC-16-114, YITP-SB-16-45",
SLACcitation   = "%%CITATION = ARXIV:1611.01514;%%"
}

%%%%%%%%%%%%%%%%%%%%%%%%%%%%%%%%%%%%%%%%%%%%%%%%%%%%%%%%%%%%%%%%%%%%%%%%%%%%%%%%%%%%%%%
% Add the latest references about neutrino decays.
%%%%%%%%%%%%%%%%%%%%%%%%%%%%%%%%%%%%%%%%%%%%%%%%%%%%%%%%%%%%%%%%%%%%%%%%%%%%%%%%%%%%%%%
@article{Gupta:2018jeo,
author         = "Gupta, Chandan and Choubey, Sandhya and Goswami,
Srubabati and Lakshmi, S. M. and Thakore, Tarak",
title          = "{Bounds on Neutrino Decay Lifetime with ICAL Detector}",
booktitle      = "{Proceedings, XXII DAE High Energy Physics Symposium:
Delhi, India, December 12 -16, 2016}",
journal        = "Springer Proc. Phys.",
volume         = "203",
year           = "2018",
pages          = "447-450",
doi            = "10.1007/978-3-319-73171-1_104",
SLACcitation   = "%%CITATION = SPPPE,203,447;%%"
}

%%% contains utf-8, see: http://inspirehep.net/info/faq/general#utf8
%%% add \usepackage[utf8]{inputenc} to your latex preamble
@article{Ascencio-Sosa:2018lbk,
author         = "Ascencio-Sosa, M. V. and Calatayud-Cadenillas, A. M. and
Gago, A. M. and Jones-Pérez, J.",
title          = "{Matter effects in neutrino visible decay at future
long-baseline experiments}",
year           = "2018",
eprint         = "1805.03279",
archivePrefix  = "arXiv",
primaryClass   = "hep-ph",
SLACcitation   = "%%CITATION = ARXIV:1805.03279;%%"
}
@article{Choubey:2018cfz,
author         = "Choubey, Sandhya and Dutta, Debajyoti and Pramanik,
Dipyaman",
title          = "{Invisible neutrino decay in the light of NOvA and T2K
data}",
year           = "2018",
eprint         = "1805.01848",
archivePrefix  = "arXiv",
primaryClass   = "hep-ph",
SLACcitation   = "%%CITATION = ARXIV:1805.01848;%%"
}
@article{Choubey:2018kah,
author         = "Choubey, S. and Goswami, S. and Gupta, C. and Mohan,
Lakshmi S. and Thakore, Tarak",
title          = "{Study of invisible neutrino decay and oscillation in the
presence of matter with a 50 kton magnetised iron
detector}",
booktitle      = "{Proceedings, 2017 International Workshop on Neutrinos
from Accelerators (NuFact17): Uppsala University Main
Building, Uppsala, Sweden, September 25-30, 2017}",
journal        = "PoS",
volume         = "NuFact2017",
year           = "2018",
pages          = "147",
doi            = "10.22323/1.295.0147",
SLACcitation   = "%%CITATION = POSCI,NuFact2017,147;%%"
}

%%% contains utf-8, see: http://inspirehep.net/info/faq/general#utf8
%%% add \usepackage[utf8]{inputenc} to your latex preamble
@article{Moss:2017pur,
author         = "Moss, Zander and Moulai, Marjon H. and Argüelles, Carlos
A. and Conrad, Janet M.",
title          = "{Exploring a nonminimal sterile neutrino model involving
decay at IceCube}",
journal        = "Phys. Rev.",
volume         = "D97",
year           = "2018",
number         = "5",
pages          = "055017",
doi            = "10.1103/PhysRevD.97.055017",
eprint         = "1711.05921",
archivePrefix  = "arXiv",
primaryClass   = "hep-ph",
SLACcitation   = "%%CITATION = ARXIV:1711.05921;%%"
}
@article{Carpio:2017nui,
author         = "Carpio, J. A. and Massoni, E. and Gago, A. M.",
title          = "{Revisiting quantum decoherence for neutrino oscillations
in matter with constant density}",
journal        = "Phys. Rev.",
volume         = "D97",
year           = "2018",
number         = "11",
pages          = "115017",
doi            = "10.1103/PhysRevD.97.115017",
eprint         = "1711.03680",
archivePrefix  = "arXiv",
primaryClass   = "hep-ph",
SLACcitation   = "%%CITATION = ARXIV:1711.03680;%%"
}
@article{Choubey:2017eyg,
author         = "Choubey, Sandhya and Goswami, Srubabati and Gupta,
Chandan and Lakshmi, S. M. and Thakore, Tarak",
title          = "{Sensitivity to neutrino decay with atmospheric neutrinos
at the INO-ICAL detector}",
journal        = "Phys. Rev.",
volume         = "D97",
year           = "2018",
number         = "3",
pages          = "033005",
doi            = "10.1103/PhysRevD.97.033005",
eprint         = "1709.10376",
archivePrefix  = "arXiv",
primaryClass   = "hep-ph",
SLACcitation   = "%%CITATION = ARXIV:1709.10376;%%"
}
@article{Choubey:2017dyu,
author         = "Choubey, Sandhya and Goswami, Srubabati and Pramanik,
Dipyaman",
title          = "{A study of invisible neutrino decay at DUNE and its
effects on $\theta_{23}$ measurement}",
journal        = "JHEP",
volume         = "02",
year           = "2018",
pages          = "055",
doi            = "10.1007/JHEP02(2018)055",
eprint         = "1705.05820",
archivePrefix  = "arXiv",
primaryClass   = "hep-ph",
SLACcitation   = "%%CITATION = ARXIV:1705.05820;%%"
}
@article{Coloma:2017zpg,
author         = "Coloma, Pilar and Peres, Orlando L. G.",
title          = "{Visible neutrino decay at DUNE}",
year           = "2017",
eprint         = "1705.03599",
archivePrefix  = "arXiv",
primaryClass   = "hep-ph",
reportNumber   = "FERMILAB-PUB-17-150-T",
SLACcitation   = "%%CITATION = ARXIV:1705.03599;%%"
}
@article{Gago:2017zzy,
author         = "Gago, Alberto M. and Gomes, Ricardo A. and Gomes, Abner
L. G. and Jones-Perez, Joel and Peres, Orlando L. G.",
title          = "{Visible neutrino decay in the light of appearance and
disappearance long baseline experiments}",
journal        = "JHEP",
volume         = "11",
year           = "2017",
pages          = "022",
doi            = "10.1007/JHEP11(2017)022",
eprint         = "1705.03074",
archivePrefix  = "arXiv",
primaryClass   = "hep-ph",
SLACcitation   = "%%CITATION = ARXIV:1705.03074;%%"
}
@phdthesis{Berryman:2017elh,
author         = "Berryman, Jeffrey M.",
title          = "{Neutrino Masses and Fermion Flavor}",
school         = "Northwestern U.",
year           = "2017",
url            = "http://www.phy.olemiss.edu/~summers/JB_thesis.pdf",
SLACcitation   = "%%CITATION = INSPIRE-1615913;%%"
}
@article{Picoreti:2017yte,
author         = "Picoreti, R. and Guzzo, M. M. and de Holanda, P. C. and
Peres, Orlando",
title          = "{Neutrino decay and Solar Neutrino Seasonal effect}",
booktitle      = "{Proceedings, 38th International Conference on High
Energy Physics (ICHEP 2016): Chicago, IL, USA, August
3-10, 2016}",
journal        = "PoS",
volume         = "ICHEP2016",
year           = "2017",
pages          = "464",
SLACcitation   = "%%CITATION = POSCI,ICHEP2016,464;%%"
}
@article{Bustamante:2016ciw,
author         = "Bustamante, Mauricio and Beacom, John F. and Murase,
Kohta",
title          = "{Testing decay of astrophysical neutrinos with incomplete
information}",
journal        = "Phys. Rev.",
volume         = "D95",
year           = "2017",
number         = "6",
pages          = "063013",
doi            = "10.1103/PhysRevD.95.063013",
eprint         = "1610.02096",
archivePrefix  = "arXiv",
primaryClass   = "astro-ph.HE",
SLACcitation   = "%%CITATION = ARXIV:1610.02096;%%"
}
@article{Pagliaroli:2016zab,
author         = "Pagliaroli, Giulia and Di Marco, Natalia and Mannarelli,
Massimo",
title          = "{Enhanced tau neutrino appearance through invisible
decay}",
journal        = "Phys. Rev.",
volume         = "D93",
year           = "2016",
number         = "11",
pages          = "113011",
doi            = "10.1103/PhysRevD.93.113011",
eprint         = "1603.08696",
archivePrefix  = "arXiv",
primaryClass   = "hep-ph",
SLACcitation   = "%%CITATION = ARXIV:1603.08696;%%"
}
@article{Oliveira:2016asf,
author         = "Oliveira, Roberto L. N.",
title          = "{Dissipative Effect in Long Baseline Neutrino
Experiments}",
journal        = "Eur. Phys. J.",
volume         = "C76",
year           = "2016",
number         = "7",
pages          = "417",
doi            = "10.1140/epjc/s10052-016-4253-z",
eprint         = "1603.08065",
archivePrefix  = "arXiv",
primaryClass   = "hep-ph",
SLACcitation   = "%%CITATION = ARXIV:1603.08065;%%"
}

%%% contains utf-8, see: http://inspirehep.net/info/faq/general#utf8
%%% add \usepackage[utf8]{inputenc} to your latex preamble
@article{Dvali:2016uhn,
author         = "Dvali, Gia and Funcke, Lena",
title          = "{Small neutrino masses from gravitational θ-term}",
journal        = "Phys. Rev.",
volume         = "D93",
year           = "2016",
number         = "11",
pages          = "113002",
doi            = "10.1103/PhysRevD.93.113002",
eprint         = "1602.03191",
archivePrefix  = "arXiv",
primaryClass   = "hep-ph",
reportNumber   = "MPP-2016-277, LMU-ASC-31-16",
SLACcitation   = "%%CITATION = ARXIV:1602.03191;%%"
}
@article{Pasquini:2015fjv,
author         = "Pasquini, P. S. and Peres, O. L. G.",
title          = "{Bounds on Neutrino-Scalar Yukawa Coupling}",
journal        = "Phys. Rev.",
volume         = "D93",
year           = "2016",
number         = "5",
pages          = "053007",
doi            = "10.1103/PhysRevD.93.053007, 10.1103/PhysRevD.93.079902",
note           = "[Erratum: Phys. Rev.D93,no.7,079902(2016)]",
eprint         = "1511.01811",
archivePrefix  = "arXiv",
primaryClass   = "hep-ph",
SLACcitation   = "%%CITATION = ARXIV:1511.01811;%%"
}
@article{Picoreti:2015ika,
author         = "Picoreti, R. and Guzzo, M. M. and de Holanda, P. C. and
Peres, O. L. G.",
title          = "{Neutrino Decay and Solar Neutrino Seasonal Effect}",
journal        = "Phys. Lett.",
volume         = "B761",
year           = "2016",
pages          = "70-73",
doi            = "10.1016/j.physletb.2016.08.007",
eprint         = "1506.08158",
archivePrefix  = "arXiv",
primaryClass   = "hep-ph",
SLACcitation   = "%%CITATION = ARXIV:1506.08158;%%"
}

%%% contains utf-8, see: http://inspirehep.net/info/faq/general#utf8
%%% add \usepackage[utf8]{inputenc} to your latex preamble
@article{Abrahao:2015rba,
author         = "Abrahão, Thamys and Minakata, Hisakazu and Nunokawa,
Hiroshi and Quiroga, Alexander A.",
title          = "{Constraint on Neutrino Decay with Medium-Baseline
Reactor Neutrino Oscillation Experiments}",
journal        = "JHEP",
volume         = "11",
year           = "2015",
pages          = "001",
doi            = "10.1007/JHEP11(2015)001",
eprint         = "1506.02314",
archivePrefix  = "arXiv",
primaryClass   = "hep-ph",
reportNumber   = "INT-PUB-15-024",
SLACcitation   = "%%CITATION = ARXIV:1506.02314;%%"
}
@article{Berryman:2014qha,
author         = "Berryman, Jeffrey M. and de Gouvea, Andre and Hernandez,
Daniel",
title          = "{Solar Neutrinos and the Decaying Neutrino Hypothesis}",
journal        = "Phys. Rev.",
volume         = "D92",
year           = "2015",
number         = "7",
pages          = "073003",
doi            = "10.1103/PhysRevD.92.073003",
eprint         = "1411.0308",
archivePrefix  = "arXiv",
primaryClass   = "hep-ph",
reportNumber   = "NUHEP-TH-14-08",
SLACcitation   = "%%CITATION = ARXIV:1411.0308;%%"
}

%%% contains utf-8, see: http://inspirehep.net/info/faq/general#utf8
%%% add \usepackage[utf8]{inputenc} to your latex preamble
@article{Berryman:2014yoa,
author         = "Berryman, Jeffrey M. and de Gouvêa, André and
Hernández, Daniel and Oliveira, Roberto L. N.",
title          = "{Non-Unitary Neutrino Propagation From Neutrino Decay}",
journal        = "Phys. Lett.",
volume         = "B742",
year           = "2015",
pages          = "74-79",
doi            = "10.1016/j.physletb.2015.01.002",
eprint         = "1407.6631",
archivePrefix  = "arXiv",
primaryClass   = "hep-ph",
reportNumber   = "NUHEP-TH-14-05",
SLACcitation   = "%%CITATION = ARXIV:1407.6631;%%"
}

@article{Moss:2017pur,
author         = "Moss, Zander and Moulai, Marjon H. and Argüelles, Carlos
A. and Conrad, Janet M.",
title          = "{Exploring a nonminimal sterile neutrino model involving
decay at IceCube}",
journal        = "Phys. Rev.",
volume         = "D97",
year           = "2018",
number         = "5",
pages          = "055017",
doi            = "10.1103/PhysRevD.97.055017",
eprint         = "1711.05921",
archivePrefix  = "arXiv",
primaryClass   = "hep-ph",
SLACcitation   = "%%CITATION = ARXIV:1711.05921;%%"
}

@article{Aguilar-Arevalo:2018gpe,
author         = "Aguilar-Arevalo, A. A. and others",
title          = "{Observation of a Significant Excess of Electron-Like
Events in the MiniBooNE Short-Baseline Neutrino
Experiment}",
collaboration  = "MiniBooNE",
year           = "2018",
eprint         = "1805.12028",
archivePrefix  = "arXiv",
primaryClass   = "hep-ex",
reportNumber   = "FERMILAB-PUB-18-219, LA-UR-18-24586",
SLACcitation   = "%%CITATION = ARXIV:1805.12028;%%"
}

@article{Huang:2018nxj,
author         = "Huang, Guo-Yuan and Zhou, Shun",
title          = "{Constraining Neutrino Lifetimes and Magnetic Moments via
Solar Neutrinos in the Large Xenon Detectors}",
year           = "2018",
eprint         = "1810.03877",
archivePrefix  = "arXiv",
primaryClass   = "hep-ph",
SLACcitation   = "%%CITATION = ARXIV:1810.03877;%%"
}

@article{deSalas:2018kri,
author         = "de Salas, P. F. and Pastor, S. and Ternes, C. A. and
Thakore, T. and Tórtola, M.",
title          = "{Constraining the invisible neutrino decay with
KM3NeT-ORCA}",
year           = "2018",
eprint         = "1810.10916",
archivePrefix  = "arXiv",
primaryClass   = "hep-ph",
SLACcitation   = "%%CITATION = ARXIV:1810.10916;%%"
}

@article{Denton:2018aml,
author         = "Denton, Peter B. and Tamborra, Irene",
title          = "{Invisible Neutrino Decay Could Resolve IceCube’s Track
and Cascade Tension}",
journal        = "Phys. Rev. Lett.",
volume         = "121",
year           = "2018",
number         = "12",
pages          = "121802",
doi            = "10.1103/PhysRevLett.121.121802",
eprint         = "1805.05950",
archivePrefix  = "arXiv",
primaryClass   = "hep-ph",
SLACcitation   = "%%CITATION = ARXIV:1805.05950;%%"
}

@article{Tang:2019wsv,
author         = "Tang, Jian and Vihonen, Sampsa and Wang, Tse-Chun",
title          = "{Precision measurements on $\delta_\text{CP}$ in MOMENT}",
year           = "2019",
eprint         = "1909.01548",
archivePrefix  = "arXiv",
primaryClass   = "hep-ph",
SLACcitation   = "%%CITATION = ARXIV:1909.01548;%%"
}

@article{Wilks:1938dza,
author         = "Wilks, S. S.",
title          = "{The Large-Sample Distribution of the Likelihood Ratio
for Testing Composite Hypotheses}",
journal        = "Annals Math. Statist.",
volume         = "9",
year           = "1938",
number         = "1",
pages          = "60-62",
doi            = "10.1214/aoms/1177732360",
SLACcitation   = "%%CITATION = AASTA,9,60;%%"
}

@article{Blennow:2020snb,
author         = "Blennow, Mattias and Ghosh, Monojit and Ohlsson, Tommy
and Titov, Arsenii",
title          = "{Testing Lepton Flavor Models at ESSnuSB}",
year           = "2020",
eprint         = "2004.00017",
archivePrefix  = "arXiv",
primaryClass   = "hep-ph",
reportNumber   = "IFT-UAM/CSIC-20-48",
SLACcitation   = "%%CITATION = ARXIV:2004.00017;%%"
}
